<record><leader>00000cas a22000007a 4500</leader><controlfield tag="001">2265490</controlfield><controlfield tag="008">760620d18101856nyuwr ne      0    0eng d</controlfield><datafield ind1=" " ind2=" " tag="010"><subfield code="a">sn 83031526 </subfield></datafield><datafield ind1=" " ind2=" " tag="040"><subfield code="a">PIT</subfield><subfield code="b">eng</subfield><subfield code="c">PIT</subfield><subfield code="d">NPU</subfield><subfield code="d">DLC</subfield><subfield code="d">NPX</subfield><subfield code="d">NYG</subfield><subfield code="d">NYS</subfield><subfield code="d">NPH</subfield><subfield code="d">NYS</subfield><subfield code="d">MGN</subfield><subfield code="d">NYS</subfield><subfield code="d">DLC</subfield><subfield code="d">NVF</subfield><subfield code="d">OCL</subfield><subfield code="d">DLC</subfield><subfield code="d">OCLCG</subfield><subfield code="d">KRTAS</subfield><subfield code="d">DLC</subfield><subfield code="d">OCLCF</subfield><subfield code="d">IUL</subfield></datafield><datafield ind1=" " ind2=" " tag="042"><subfield code="a">msc</subfield></datafield><datafield ind1=" " ind2=" " tag="043"><subfield code="a">n-us-ny</subfield></datafield><datafield ind1="0" ind2="0" tag="050"><subfield code="a">Newspaper</subfield></datafield><datafield ind1="0" ind2="0" tag="245"><subfield code="a">Ontario messenger.</subfield></datafield><datafield ind1=" " ind2=" " tag="260"><subfield code="a">Canandaigua [N.Y.] :</subfield><subfield code="b">John A. Stevens,</subfield><subfield code="c">1810-1856.</subfield></datafield><datafield ind1=" " ind2=" " tag="300"><subfield code="a">51 v. ;</subfield><subfield code="c">49-52 cm.</subfield></datafield><datafield ind1=" " ind2=" " tag="310"><subfield code="a">Weekly</subfield></datafield><datafield ind1="0" ind2=" " tag="362"><subfield code="a">Vol. 5, no. 209 (Nov. 20, 1810)-v. 49, no. 14 (Dec. 29, 1852) ; New ser., v. 1, no. 1 (Jan. 5, 1853)-v. 4, no. 53 (Dec. 31, 1856).</subfield></datafield><datafield ind1=" " ind2=" " tag="500"><subfield code="a">Publishers: Stevens &amp; Day, 1814-1815; John A. Stevens, 1815-   ; Day &amp; Morse, &lt;1828&gt;; Thomas B. Hahn, &lt;1843&gt;; Jacob J. Mattison, &lt;1852-1855&gt;.</subfield></datafield><datafield ind1=" " ind2=" " tag="500"><subfield code="a">Editor: Jacob J. Mattison, &lt;1852-1855&gt;.</subfield></datafield><datafield ind1=" " ind2=" " tag="515"><subfield code="a">Issues for &lt;Jan. 8, 1834&gt;-Dec. 31, 1856 also called: Whole no. &lt;1677&gt;-2771.</subfield></datafield><datafield ind1=" " ind2="0" tag="651"><subfield code="a">Canandaigua (N.Y.)</subfield><subfield code="v">Newspapers.</subfield></datafield><datafield ind1=" " ind2="0" tag="651"><subfield code="a">Ontario County (N.Y.)</subfield><subfield code="v">Newspapers.</subfield></datafield><datafield ind1=" " ind2="7" tag="651"><subfield code="a">New York (State)</subfield><subfield code="z">Canandaigua.</subfield><subfield code="2">fast</subfield><subfield code="0">(OCoLC)fst01212782</subfield></datafield><datafield ind1=" " ind2="7" tag="651"><subfield code="a">New York (State)</subfield><subfield code="z">Ontario County.</subfield><subfield code="2">fast</subfield><subfield code="0">(OCoLC)fst01209099</subfield></datafield><datafield ind1=" " ind2="7" tag="655"><subfield code="a">Newspapers.</subfield><subfield code="2">fast</subfield><subfield code="0">(OCoLC)fst01423814</subfield></datafield><datafield ind1="1" ind2=" " tag="700"><subfield code="a">Stevens, John Abbott,</subfield><subfield code="d">1783-1836.</subfield></datafield><datafield ind1="1" ind2=" " tag="700"><subfield code="a">Day, David Merrick,</subfield><subfield code="d">1791-1839.</subfield></datafield><datafield ind1=" " ind2=" " tag="752"><subfield code="a">United States</subfield><subfield code="b">New York</subfield><subfield code="c">Ontario</subfield><subfield code="d">Canandaigua.</subfield></datafield><datafield ind1="0" ind2="0" tag="780"><subfield code="t">Genesee messenger</subfield><subfield code="w">(DLC)sn 83031509</subfield><subfield code="w">(OCoLC)9908878</subfield></datafield><datafield ind1="0" ind2="0" tag="785"><subfield code="t">Ontario weekly messenger</subfield><subfield code="w">(DLC)sn 88074893</subfield><subfield code="w">(OCoLC)18775714</subfield></datafield><datafield ind1=" " ind2=" " tag="938"><subfield code="a">Kirtas Technologies, Inc.</subfield><subfield code="b">KRTS</subfield><subfield code="n">735681</subfield></datafield><datafield ind1="1" ind2=" " tag="029"><subfield code="a">AU@</subfield><subfield code="b">000020127677</subfield></datafield></record>